This file was created with JabRef 2.2.
Encoding: MacRoman

@article{young1994k,
  title={The k-server dual and loose competitiveness for paging},
  author={Young, Neal},
  journal={Algorithmica},
  volume={11},
  pages={525--541},
  year={1994},
  publisher={Springer}
}

@article{karlin1988competitive,
  title={Competitive snoopy caching},
  author={Karlin, Anna R and Manasse, Mark S and Rudolph, Larry and Sleator, Daniel D},
  journal={Algorithmica},
  volume={3},
  pages={79--119},
  year={1988},
  publisher={Springer}
}

@article{chrobak1999lru,
  title={LRU is better than FIFO},
  author={Chrobak, Marek and Noga, John},
  journal={Algorithmica},
  volume={23},
  pages={180--185},
  year={1999},
  publisher={Springer}
}

@inproceedings{beckmann2020writeback,
  title={Writeback-aware caching},
  author={Beckmann, Nathan and Gibbons, Phillip B and Haeupler, Bernhard and McGuffey, Charles},
  booktitle={Symposium on Algorithmic Principles of Computer Systems},
  pages={1--15},
  year={2020},
  organization={SIAM}
}

@article{young2002line,
  title={On-line file caching},
  author={Young, Neal E},
  journal={Algorithmica},
  volume={33},
  number={3},
  pages={371--383},
  year={2002},
  publisher={Springer}
}

@article{wang2019deepchunk,
  title={Deepchunk: Deep q-learning for chunk-based caching in wireless data processing networks},
  author={Wang, Yimeng and Li, Yongbo and Lan, Tian and Aggarwal, Vaneet},
  journal={IEEE Transactions on Cognitive Communications and Networking},
  volume={5},
  number={4},
  pages={1034--1045},
  year={2019},
  publisher={IEEE}
}

@inproceedings{wang2019deep,
  title={Deep q-learning for chunk-based caching in data processing networks},
  author={Wang, Yimeng and Li, Yongbo and Lan, Tian and Aggarwal, Vaneet},
  booktitle={2019 57th Annual Allerton Conference on Communication, Control, and Computing (Allerton)},
  pages={910--916},
  year={2019},
  organization={IEEE}
}

@article{sleator1985amortized,
  title={Amortized efficiency of list update and paging rules},
  author={Sleator, Daniel D and Tarjan, Robert E},
  journal={Communications of the ACM},
  volume={28},
  number={2},
  pages={202--208},
  year={1985},
  publisher={ACM New York, NY, USA}
}

@inproceedings{cao1997cost,
  title={Cost-aware www proxy caching algorithms.},
  author={Cao, Pei and Irani, Sandy},
  booktitle={Usenix symposium on internet technologies and systems},
  volume={12},
  number={97},
  pages={193--206},
  year={1997}
}

@article{van2007short,
  title={A short proof of optimality for the MIN cache replacement algorithm},
  author={Van Roy, Benjamin},
  journal={Information processing letters},
  volume={102},
  number={2-3},
  pages={72--73},
  year={2007},
  publisher={Elsevier}
}

@article{mattson1970evaluation,
  title={Evaluation techniques for storage hierarchies},
  author={Mattson, Richard L. and Gecsei, Jan and Slutz, Donald R. and Traiger, Irving L.},
  journal={IBM Systems journal},
  volume={9},
  number={2},
  pages={78--117},
  year={1970},
  publisher={IBM}
}

@book{hill1987aspects,
  title={Aspects of cache memory and instruction buffer performance},
  author={Hill, Mark Donald},
  year={1987},
  publisher={University of California, Berkeley}
}

@article{zhou2004dynamic,
  title={Dynamic tracking of page miss ratio curve for memory management},
  author={Zhou, Pin and Pandey, Vivek and Sundaresan, Jagadeesan and Raghuraman, Anand and Zhou, Yuanyuan and Kumar, Sanjeev},
  journal={ACM SIGPLAN Notices},
  volume={39},
  number={11},
  pages={177--188},
  year={2004},
  publisher={ACM New York, NY, USA}
}


@inproceedings{agrawal2007worst,
  title={The worst page-replacement policy},
  author={Agrawal, Kunal and Bender, Michael A and Fineman, Jeremy T},
  booktitle={Fun with Algorithms: 4th International Conference, FUN 2007, Castiglioncello, Italy, June 3-5, 2007. Proceedings 4},
  pages={135--145},
  year={2007},
  organization={Springer}
}

@InCollection{snia-trace-block-io-28571,
    author =        "Gala Yadgar and Moshe Gabel and Shehbaz Jaffer and Bianca Schroeder",
    title =         "{YCSB RocksDB SSD} Traces ({SNIA IOTTA})",
    booktitle =     "SNIA IOTTA Trace Repository",
    publisher =     "Storage Networking Industry Association",
    month =         dec,
    year =          2018,
    editor =        "Geoff Kuenning",
    type =          "Trace files",
    url =           "http://iotta.snia.org/traces/block-io/28568?n=100&page=1",
}
@inproceedings {cacheWorkload-OSDI20,
author = {Juncheng Yang, Yao Yue, Rashmi Vinayak}, 
  title = {A large scale analysis of hundreds of in-memory cache clusters at Twitter},
  booktitle = {14th USENIX Symposium on Operating Systems Design and Implementation (OSDI 20)},
  year = {2020},
  url = {https://www.usenix.org/conference/osdi20/presentation/yang},
  publisher = {{USENIX} Association},
  month = nov,
}

@inproceedings{irani1997page,
  title={Page replacement with multi-size pages and applications to web caching},
  author={Irani, Sandy},
  booktitle={Proceedings of the twenty-ninth annual ACM symposium on Theory of computing},
  pages={701--710},
  year={1997}
}

@article{achlioptas2000competitive,
  title={Competitive analysis of randomized paging algorithms},
  author={Achlioptas, Dimitris and Chrobak, Marek and Noga, John},
  journal={Theoretical Computer Science},
  volume={234},
  number={1-2},
  pages={203--218},
  year={2000},
  publisher={Elsevier}
}

@article{folwarczny2017general,
  title={General caching is hard: Even with small pages},
  author={Folwarczn{\`y}, Luk{\'a}{\v{s}} and Sgall, Ji{\v{r}}{\'\i}},
  journal={Algorithmica},
  volume={79},
  pages={319--339},
  year={2017},
  publisher={Springer}
}

@MISC{reedweb:2007,
  author = {Reed{\ }College},
  title = {LaTeX Your Document},
  month = {March},
  year = {2007},
  date-added = {2007-03-14 10:07:06 -0700},
  date-modified = {2007-03-14 10:09:03 -0700},
  lastchecked = {March 14, 2007},
  url = {http://web.reed.edu/cis/help/LaTeX/index.html}
}

@book{HennessyPatterson12,
  abstract = {The computing world today is in the middle of a revolution: mobile clients and cloud computing have emerged as the dominant paradigms driving programming and hardware innovation today. The Fifth Edition of Computer Architecture focuses on this dramatic shift, exploring the ways in which software and technology in the 'cloud' are accessed by cell phones, tablets, laptops, and other mobile computing devices. Each chapter includes two real-world examples, one mobile and one datacenter, to illustrate this revolutionary change.},
  added-at = {2016-11-04T19:12:58.000+0100},
  address = {Amsterdam},
  author = {Hennessy, John L. and Patterson, David A.},
  biburl = {https://www.bibsonomy.org/bibtex/2d2d024a4ec1fd887aa36482288ca38f9/flint63},
  edition = 5,
  file = {ACM Learning Center eBook:2012/HennessyPatterson12.pdf:PDF;Amazon Search inside:http\://www.amazon.de/gp/reader/012383872X/:URL},
  groups = {public},
  interhash = {83342075ee6946a3cd5ffa87f2337a87},
  intrahash = {d2d024a4ec1fd887aa36482288ca38f9},
  isbn = {978-0-12-383872-8},
  keywords = {01624 103 book acm elsevier computer architecture mobile device cloud intro},
  publisher = {Morgan Kaufmann},
  timestamp = {2017-07-13T18:01:10.000+0200},
  title = {Computer Architecture: A Quantitative Approach},
  username = {flint63},
  year = 2012
}



@inproceedings{juan1996difference,
  title={The difference-bit cache},
  author={Juan, Toni and Lang, Tomas and Navarro, Juan J},
  booktitle={Proceedings of the 23rd annual international symposium on Computer architecture},
  pages={114--120},
  year={1996}
}